@MANUAL{sturm_userguide,
    author = "Manuel Eberl",
    title = "User {G}uide for the sturm {M}ethod",
    year = "2013"
}

@BOOK{sag,
    author = "Michel Coste",
    publisher = "Institut de {R}echerche {M}a\-\mbox{th√©}\-ma\-tique de {R}ennes,\ 
\url{http://perso.univ-rennes1.fr/michel.coste/polyens/SAG.pdf}",
    title = "An {I}ntroduction to {S}emialgebraic {G}eometry",
    year = "2002",
    month = "October"
}

